<?xml version="1.0" encoding="UTF-8"?><collection xmlns="http://www.loc.gov/MARC21/slim"><record><leader>00499nam--2200169-i-4500</leader><controlfield tag="001">000045157</controlfield><controlfield tag="002">20161230</controlfield><controlfield tag="005">20161230201044</controlfield><controlfield tag="008">060222s1000------------r-----000-0-eng-d</controlfield><datafield ind1=" " ind2=" " tag="040"><subfield code="a">IFIN-HH</subfield></datafield><datafield ind1=" " ind2=" " tag="080"><subfield code="a">52(047.1)</subfield></datafield><datafield ind1="1" ind2=" " tag="100"><subfield code="a">Haiduc, Maria</subfield></datafield><datafield ind1="1" ind2="0" tag="245"><subfield code="a">Topics in astrophysics astronomy and space sciences volume 1</subfield><subfield code="c">Maria haiduc, magda stavinschi</subfield></datafield><datafield ind1=" " ind2=" " tag="260"><subfield code="a">Bucharest</subfield><subfield code="b">Central Institute Of Physics</subfield><subfield code="c">1985</subfield></datafield><datafield ind1="1" ind2=" " tag="700"><subfield code="a">Stavinschi, Magda</subfield></datafield><datafield ind1=" " ind2=" " tag="852"><subfield code="a">72796</subfield><subfield code="c">523</subfield></datafield><datafield ind1=" " ind2=" " tag="CAT"><subfield code="a">Sys</subfield><subfield code="c">20141205</subfield><subfield code="h">154347</subfield></datafield></record></collection>